
@inproceedings{bib:MM92,
 author = {McMillan, Kenneth L.},
 title = {Using Unfoldings to Avoid the State Explosion Problem in the Verification of Asynchronous Circuits},
 booktitle = {CAV '92: Proceedings of the Fourth International Workshop on Computer Aided Verification},
 year = {1993},
 isbn = {3-540-56496-9},
 pages = {164--177},
 publisher = {Springer-Verlag},
 address = {London, UK},
}

@article{bib:MM95,
 author = {McMillan, K. L.},
 title = {A technique of state space search based on unfolding},
 journal = {Form. Methods Syst. Des.},
 volume = {6},
 number = {1},
 year = {1995},
 issn = {0925-9856},
 pages = {45--65},
 doi = {http://dx.doi.org/10.1007/BF01384314},
 publisher = {Kluwer Academic Publishers},
 address = {Hingham, MA, USA},
}

@inproceedings{bib:ERV96,
    author = {Javier Esparza and Stefan R\"{o}mer and Walter Vogler},
    title = {An Improvement of {McMillan}'s Unfolding Algorithm},
    booktitle = {Formal Methods in System Design},
    year = {1996},
    pages = {87--106},
    publisher = {Springer-Verlag}
}

@inproceedings{bib:BCKS08,
 author = {Baldan, Paolo and Corradini, Andrea and K\"{o}nig, Barbara and Schwoon, Stefan},
 title = {{McMillan}'s Complete Prefix for Contextual Nets},
 booktitle = {Transactions on Petri Nets and Other Models of Concurrency I},
 year = {2008},
 isbn = {978-3-540-89286-1},
 pages = {199--220},
 doi = {http://dx.doi.org/10.1007/978-3-540-89287-8_12},
 publisher = {Springer-Verlag},
 address = {Berlin, Heidelberg},
}

@book{bib:EH08,
    author = {Javier Esparza and Keijo Heljanko},
    month = {March},
    pages = {172},
    publisher = {Springer-Verlag},
    series = {EATCS Monographs in Theoretical Computer Science},
    title = {Unfoldings -- A Partial-Order Approach to Model Checking},
    year = {2008},
} 

@inproceedings{bib:NPW80,
 author = {Nielsen, Mogens and Plotkin, Gordon D. and Winskel, Glynn},
 title = {Petri Nets, Event Structures and Domains},
 booktitle = {Proceedings of the International Sympoisum on Semantics of Concurrent Computation},
 year = {1979},
 isbn = {3-540-09511-X},
 pages = {266--284},
 publisher = {Springer-Verlag},
 address = {London, UK},
 }

@misc{bib:PEP,
 author = "{PEP Project}",
 title = "{PEP} homepage",
 note = "[Online; accessed 15-August-2010]: 
 \url{http://theoretica.informatik.uni-oldenburg.de/~pep/}",
}

@misc{bib:MOLE,
 author = "Schwoon, Stefan",
 title = "Mole -- an unfolder for {Petri} {Nets}",
 note = "[Online; accessed 15-August-2010]: 
 \url{http://www.lsv.ens-cachan.fr/~schwoon/tools/mole/}",
}

@inproceedings{bib:HRJSW07,
 author = {Hickmott, Sarah and Rintanen, Jussi and Thi\'{e}baux, Sylvie and White, Lang},
 title = {Planning via Petri net unfolding},
 booktitle = {IJCAI'07: Proceedings of the 20th international joint conference on Artifical intelligence},
 year = {2007},
 pages = {1904--1911},
 location = {Hyderabad, India},
 publisher = {Morgan Kaufmann Publishers Inc.},
 address = {San Francisco, CA, USA},
}

