
@mastersthesis{rodriguez-master,
  	author = {Rodr\'iguez, C\'esar},
  	month =	sep,
  	school = {{M}aster {P}arisien de {R}echerche en {I}nformatique, Paris, France},
  	type =	{{M}aster thesis},
  	title =	{Implementation of a complete prefix unfolder for contextual nets},
  	year =	{2010},
}

